@article{Brown2017TheTW,
  title={The Trouble with Autopilots: Assisted and Autonomous Driving on the Social Road},
  author={Barry A. T. Brown and E. Laurier},
  journal={Proceedings of the 2017 CHI Conference on Human Factors in Computing Systems},
  year={2017}
}

@article{Combs2019AutomatedVA,
  title={Automated Vehicles and Pedestrian Safety: Exploring the Promise and Limits of Pedestrian Detection.},
  author={Tabitha S. Combs and Laura S. Sandt and Michael P. Clamann and N. McDonald},
  journal={American journal of preventive medicine},
  year={2019},
  volume={56 1},
  pages={1-7}
}

@article{Braillon2006RealtimeMO,
  title={Real-time moving obstacle detection using optical flow models},
  author={C. Braillon and C. Pradalier and J. L. Crowley and C. Laugier},
  journal={IEEE Intelligent Vehicles Symposium},
  year={2006},
  pages={466-471}
}

@inproceedings{Hossen2016ASS,
  title={A surveillance system based on motion detection and motion estimation using optical flow},
  author={Muhammad Kamal Hossen and Sabrina Hoque Tuli},
  booktitle={5th International Conference on Informatics, Electronics and Vision (ICIEV)},
  year={2016},
  pages={646-651}
}

@article{Chuanqi2017MonocularVO,
  title={Monocular visual odometry based on optical flow and feature matching},
  author={Cheng Chuanqi and Hao Xiang-yang and Zhang Zhen-jie and Zhao Mandan},
  journal={29th Chinese Control And Decision Conference (CCDC)},
  year={2017},
  pages={4554-4558}
}

@article{Galic2000SpatiotemporalIS,
  title={Spatio-temporal image segmentation using optical flow and clustering algorithm},
  author={S. Galic and S. Lon{\v c}ari{\'c}},
  journal={Proceedings of the First IWISPA},
  year={2000},
  pages={63-68}
}

@article{Ramamoorthy1977PipelineA,
  title={Pipeline Architecture},
  author={C. Ramamoorthy and H. F. Li},
  journal={ACM Computing Surveys},
  year={1977},
  volume={9},
  pages={61-102}
}

@book{Who2018GlobalSR,
  title={Global Status Report on Road Safety},
  author={World Heath Organization},
  year={2018},
  publisher={World Health Organization},
  isbn={9789241565684}
}

@article{Gallego2020EventbasedVA,
  title={Event-based Vision: A Survey},
  author={Guillermo Gallego and T. Delbr{\"u}ck and G. Orchard and C. Bartolozzi and Brian Taba and A. Censi and Stefan Leutenegger and A. Davison and J. Conradt and Kostas Daniilidis and D. Scaramuzza},
  journal={IEEE Transactions on Pattern Analysis and Machine Intelligence (TPAMI)},
  year={2020}
}

@article{Mahowald1991TheSR,
  title={The silicon retina.},
  author={Misha A. Mahowald and Carver A. Mead},
  journal={Scientific American},
  year={1991},
  volume={264 5},
  pages={76-82}
}

@phdthesis{Mahowald1992VLSIAO,
  title={VLSI analogs of neuronal visual processing: A synthesis of form and function},
  author={Misha A. Mahowald},
  school={California Institute of Technology},
  year={1992}
}

@article{Finateu2020510A1,
  title={A 1280x720 Back-Illuminated Stacked Temporal Contrast Event-Based Vision Sensor with 4.86µm Pixels, 1.066{GEPS} Readout, Programmable Event-Rate Controller and Compressive Data-Formatting Pipeline},
  author={T. Finateu and Atsumi Niwa and D. Matolin and Koya Tsuchimoto and A. Mascheroni and {\'E}tienne Reynaud and Pooria Mostafalu and Frederick T. Brady and L. Chotard and Florian LeGoff and Hirotsugu Takahashi and H. Wakabayashi and Y. Oike and C. Posch},
  journal={ISSCC},
  year={2020},
  pages={112-114}
}

@article{Brandli2014A2,
  title={A 240×180 130dB 3µs Latency Global Shutter Spatiotemporal Vision Sensor},
  author={Christian Brandli and Raphael Berner and Minhao Yang and Shih-Chii Liu and Tobi Delbruck},
  journal={IEEE Journal of Solid-State Circuits},
  year={2014},
  volume={49},
  pages={2333-2341}
}

@article{Posch2011AQ1,
  title={A QVGA 143 dB Dynamic Range Frame-Free PWM Image Sensor With Lossless Pixel-Level Video Compression and Time-Domain CDS},
  author={Christoph Posch and Daniel Matolin and Rainer Wohlgenannt},
  journal={IEEE Journal of Solid-State Circuits},
  year={2011},
  volume={46},
  pages={259-275}
}

@article{Lichtsteiner2008A11,
  title={A 128x128 120dB 15µs Latency Asynchronous Temporal Contrast Vision Sensor},
  author={Patrick Lichtsteiner and Christoph Posch and Tobi Delbr{\"u}ck},
  journal={IEEE Journal of Solid-State Circuits},
  year={2008},
  volume={43},
  pages={566-576}
}

@article{Fortun2015OpticalFM,
  title={Optical flow modeling and computation: A survey},
  author={Denis Fortun and Patrick Bouthemy and Charles Kervrann},
  journal={Computer Vision and Image Understing},
  year={2015},
  volume={134},
  pages={1-21}
}

@article{Horn1981DeterminingOF,
  title={Determining Optical Flow},
  author={Berthold K. P. Horn and Brian G. Schunck},
  journal={Artificial Intelligence},
  year={1981},
  volume={17},
  pages={185-203}
}

@inproceedings{Lucas1981AnII,
  title={An Iterative Image Registration Technique with an Application to Stereo Vision},
  author={Bruce D. Lucas and Takeo Kanade},
  booktitle={International Joint Conference on Artificial Intelligence},
  year={1981}
}

@techreport{Bouguet1999PyramidalIO,
  title={Pyramidal implementation of the {L}ucas {K}anade feature tracker},
  author={J.-Y. Bouguet},
  institution={Intel Corporation, Microprocessor Research Labs},
  year={1999}
}

@article{Meinhardt2013HornSchunckOF,
  title={{Horn-Schunck} Optical Flow with a Multi-Scale Strategy},
  author={E. Meinhardt and J. P{\'e}rez and D. Kondermann},
  journal={Image Processing On Line},
  year={2013},
  volume={3},
  pages={151-172}
}

@article{Black1996TheRE,
  title={The Robust Estimation of Multiple Motions: Parametric and Piecewise-Smooth Flow Fields},
  author={Michael J. Black and P. Anandan},
  journal={Computer Vision and Image Understanding},
  year={1996},
  volume={63},
  pages={75-104}
}

@article{Sun2013AQA,
  title={A Quantitative Analysis of Current Practices in Optical Flow Estimation and the Principles Behind Them},
  author={Deqing Sun and S. Roth and Michael J. Black},
  journal={International Journal of Computer Vision},
  year={2013},
  volume={106},
  pages={115-137}
}

@article{Dosovitskiy2015FlowNetLO,
  title={{FlowNet}: Learning Optical Flow with Convolutional Networks},
  author={A. Dosovitskiy and P. Fischer and Eddy Ilg and Philip H{\"a}usser and Caner Hazirbas and V. Golkov and P. V. D. Smagt and D. Cremers and T. Brox},
  journal={ICCV},
  year={2015},
  pages={2758-2766}
}

@inproceedings{Meister2018UnFlowUL,
  title={{UnFlow}: Unsupervised Learning of Optical Flow with a Bidirectional Census Loss},
  author={S. Meister and Junhwa Hur and S. Roth},
  booktitle={Thirty-Second AAAI Conference on Artificial Intelligence},
  year={2018}
}

@inproceedings{Teed2020RAFTRA,
  title={{RAFT}: Recurrent All-Pairs Field Transforms for Optical Flow},
  author={Zachary Teed and Jun Deng},
  booktitle={ECCV},
  year={2020},
  pages={402-419}
}

@article{Benosman2014EventBasedVF,
  title={Event-Based Visual Flow},
  author={R. Benosman and Charles Clercq and Xavier Lagorce and S. Ieng and C. Bartolozzi},
  journal={IEEE Transactions on Neural Networks and Learning Systems},
  year={2014},
  volume={25},
  pages={407-417}
}

@article{Gallego2018AUC,
  title={A Unifying Contrast Maximization Framework for Event Cameras, with Applications to Motion, Depth, and Optical Flow Estimation},
  author={Guillermo Gallego and Henri Rebecq and D. Scaramuzza},
  journal={CVPR},
  year={2018},
  pages={3867-3876}
}

@article{Stoffregen2017SimultaneousOF,
  title={Simultaneous Optical Flow and Segmentation ({SOFAS}) using Dynamic Vision Sensor},
  author={Timo Stoffregen and L. Kleeman},
  journal={Australasian Conference on Robotics and Automation (ACRA)},
  year={2017}
}

@article{Liu2020GloballyOC,
  title={Globally Optimal Contrast Maximisation for Event-Based Motion Estimation},
  author={Daqi Liu and {\'A}lvaro Parra Bustos and Tat-Jun Chin},
  journal={CVPR},
  year={2020},
  pages={6348-6357}
}

@article{ParedesValls2020UnsupervisedLO,
  title={Unsupervised Learning of a Hierarchical Spiking Neural Network for Optical Flow Estimation: From Events to Global Motion Perception},
  author={F. Paredes-Vall{\'e}s and Kirk Y. W. Scheper and G. de Croon},
  journal={IEEE TPAMI},
  year={2020},
  volume={42},
  pages={2051-2064}
}

@inproceedings{ParedesValls2021SelfSupervisedLO,
  title={Self-Supervised Learning of Event-Based Optical Flow with Spiking Neural Networks},
  author={F. Paredes-Vall{\'e}s and Jesse J. Hagenaars and Guido C.H.E. de Croon},
  booktitle={Neural Information Processing Systems},
  year={2021}
}

@article{Almatrafi2020DistanceSF,
  title={Distance Surface for Event-Based Optical Flow},
  author={M. Almatrafi and R. W. Baldwin and K. Aizawa and K. Hirakawa},
  journal={IEEE TPAMI},
  year={2020},
  volume={42},
  pages={1547-1556}
}

@article{Zhu2017EventbasedFT,
  title={Event-based feature tracking with probabilistic data association},
  author={A. Z. Zhu and N. Atanasov and Kostas Daniilidis},
  journal={ICRA},
  year={2017},
  pages={4465-4470}
}

@inproceedings{Harris1988ACC,
  title={A Combined Corner and Edge Detector},
  author={C. G. Harris and M. Stephens},
  booktitle={Alvey Vision Conference},
  year={1988}
}

@article{Nagata2021OpticalFE,
  title={Optical Flow Estimation by Matching Time Surface with Event-Based Cameras},
  author={Jun Nagata and Yusuke Sekikawa and Y. Aoki},
  journal={Sensors},
  year={2021},
  volume={21}
}

@inproceedings{Zhu2018EVFlowNetSO,
  title={{EV-FlowNet}: Self-Supervised Optical Flow Estimation for Event-based Cameras},
  author={A. Z. Zhu and Liangzhe Yuan and Kenneth Chaney and Kostas Daniilidis},
  booktitle={Proceedings of Robotics: Science and Systems},
  year={2018}
}

@inproceedings{Lee2020SpikeFlowNetEO,
  title={{Spike-FlowNet}: Event-based Optical Flow Estimation with Energy-Efficient Hybrid Neural Networks},
  author={Chankyu Lee and Adarsh Kosta and A. Z. Zhu and Kenneth Chaney and Kostas Daniilidis and K. Roy},
  booktitle={ECCV},
  year={2020}
}

@inproceedings{Gehrig2021DenseOF,
  title={E-RAFT: Dense Optical Flow from Event Cameras},
  author={Mathias Gehrig and Mario Millh{\"a}usler and Daniel Gehrig and Davide Scaramuzza},
  booktitle={International Conference on 3D Vision (3DV)},
  year={2021}
}

@article{ParedesValls2021BackTE,
  title={Back to Event Basics: Self-Supervised Learning of Image Reconstruction for Event Cameras via Photometric Constancy},
  author={F. Paredes-Vall{\'e}s and G. D. Croon},
  journal={Proceedings of the IEEE/CVF Conference on Computer Vision and Pattern Recognition},
  pages={3446--3455},
  year={2021}
}

@article{Pan2020SingleIO,
  title={Single Image Optical Flow Estimation With an Event Camera},
  author={Liyuan Pan and Miaomiao Liu and R. Hartley},
  journal={CVPR},
  year={2020},
  pages={1669-1678}
}

@article{Rueckauer2016EvaluationOE,
  title={Evaluation of Event-Based Algorithms for Optical Flow with Ground-Truth from Inertial Measurement Sensor},
  author={Bodo Rueckauer and Tobi Delbruck},
  journal={Frontiers in Neuroscience},
  year={2016},
  volume={10}
}

@article{Akolkar2020SeeBY,
  title={See before you see: Real-time high speed motion prediction using fast aperture-robust event-driven visual flow},
  author={H. Akolkar and S. Ieng and R. Benosman},
  journal={IEEE Transactions on Pattern Analysis and Machine Intelligence},
  year={2020}
}

@article{Delbrck2008FramefreeDD,
  title={Frame-free dynamic digital vision},
  author={Tobias Delbr\"uck},
  journal={Proceedings of the International Symposium on Secure-Life Electronics, Advanced Electronics for Quality Life and Society},
  year={2008},
  pages={21-26}
}

@article{Rebecq2021HighSA,
  title={High Speed and High Dynamic Range Video with an Event Camera},
  author={Henri Rebecq and Ren{\'e} Ranftl and V. Koltun and D. Scaramuzza},
  journal={IEEE Transactions on Pattern Analysis and Machine Intelligence},
  year={2021},
  volume={43},
  pages={1964-1980}
}

@article{Feng2020EventDB,
  title={Event Density Based Denoising Method for Dynamic Vision Sensor},
  author={Yang Feng and Hengyi Lv and Hongqing Liu and Yisa Zhang and Yuyao Xiao and C. Han},
  journal={Applied Sciences},
  year={2020},
  volume={10},
  pages={2024}
}

@article{Zhu2018TheMS,
  title={The Multivehicle Stereo Event Camera Dataset: An Event Camera Dataset for {3D} Perception},
  author={A. Z. Zhu and Dinesh Thakur and Tolga {\"O}zaslan and Bernd Pfrommer and V. Kumar and Kostas Daniilidis},
  journal={IEEE Robotics and Automation Letters (RA-L)},
  year={2018},
  volume={3},
  pages={2032-2039}
}

@incollection{Coeurjolly2007GomtrieDE,
  title={Distances discr{\`e}tes},
  booktitle={G{\'e}om{\'e}trie discr{\`e}te et images num{\'e}riques},
  author={D. Coeurjolly and A. Montanvert and J. Chassery},
  year={2007},
  pages={123-145},
  chapter={5},
  publisher={Herm{\`e}s Paris}
}

@article{Adarve2016AFF,
  title={A Filter Formulation for Computing Real Time Optical Flow},
  author={J. Adarve and R. Mahony},
  journal={IEEE Robotics and Automation Letters (RA-L)},
  year={2016},
  volume={1},
  pages={1192-1199}
}

@phdthesis{Black1992RobustIO,
  title={Robust incremental optical flow},
  school={Yale University},
  author={Michael J. Black},
  year={1992}
}

@article{Perot2020LearningTD,
  title={Learning to Detect Objects with a 1 Megapixel Event Camera},
  author={E. Perot and Pierre de Tournemire and D. Nitti and Jonathan Masci and A. Sironi},
  journal={34th Conference on Neural Information Processing Systems (NeurIPS 2020)},
  year={2020}
}

@article{Gehrig2019EndtoEndLO,
  title={End-to-End Learning of Representations for Asynchronous Event-Based Data},
  author={Daniel Gehrig and Antonio Loquercio and Konstantinos G. Derpanis and Davide Scaramuzza},
  journal={ICCV},
  year={2019},
  pages={5632-5642}
}

@article{Zhu2019UnsupervisedEL,
  title={Unsupervised Event-Based Learning of Optical Flow, Depth, and Egomotion},
  author={A. Z. Zhu and Liangzhe Yuan and Kenneth Chaney and Kostas Daniilidis},
  journal={CVPR},
  year={2019},
  pages={989-997}
}

@inproceedings{Stoffregen2020ReducingTS,
  title={Reducing the Sim-to-Real Gap for Event Cameras},
  author={Timo Stoffregen and C. Scheerlinck and D. Scaramuzza and T. Drummond and N. Barnes and L. Kleeman and R. Mahony},
  booktitle={ECCV},
  year={2020}
}

@article{Ye2020UnsupervisedLO,
  title={Unsupervised Learning of Dense Optical Flow, Depth and Egomotion with Event-Based Sensors},
  author={Chengxi Ye and A. Mitrokhin and C. Ferm{\"u}ller and J. Yorke and Y. Aloimonos},
  journal={IROS},
  year={2020},
  pages={5831-5838}
}

@article{Geiger2012AreWR,
  title={Are we ready for autonomous driving? {The} {KITTI} vision benchmark suite},
  author={Andreas Geiger and Philip Lenz and R. Urtasun},
  journal={CVPR},
  year={2012},
  pages={3354-3361}
}

@article{Gehrig2021DSECAS,
  title={{DSEC}: A Stereo Event Camera Dataset for Driving Scenarios},
  author={Mathias Gehrig and Willem Aarents and Daniel Gehrig and Davide Scaramuzza},
  journal={IEEE Robotics and Automation Letters},
  year={2021},
  volume={6},
  pages={4947-4954}
}

@article{Liu2023TMATM,
  title={TMA: Temporal Motion Aggregation for Event-based Optical Flow},
  author={Haotian Liu and Guang Chen and Sanqing Qu and Yanping Zhang and Zhijun Li and Alois Knoll and Changjun Jiang},
  journal={ICCV},
  year={2023}
}

@article{Cuadrado2023OpticalFE,
  title={Optical flow estimation from event-based cameras and spiking neural networks},
  author={Javier Cuadrado and Ulysse Rançon and Benoit R. Cottereau and Francisco Barranco and Timoth{\'e}e Masquelier},
  journal={Frontiers in Neuroscience},
  year={2023},
  volume={17}
}

@article{Lee2021FusionFlowNetEO,
  title={Fusion-FlowNet: Energy-Efficient Optical Flow Estimation using Sensor Fusion and Deep Fused Spiking-Analog Network Architectures},
  author={Chankyu Lee and Adarsh Kumar Kosta and Kaushik Roy},
  journal={2022 International Conference on Robotics and Automation (ICRA)},
  year={2021},
  pages={6504-6510}
}

@article{ParedesValls2023TamingCM,
  title={Taming Contrast Maximization for Learning Sequential, Low-latency, Event-based Optical Flow},
  author={F. Paredes-Vall{\'e}s and Kirk Y. W. Scheper and Christophe de Wagter and G.C.H.E. de Croon},
  journal={ICCV},
  year={2023}
}

@inproceedings{Shiba2022SecretsOE,
  title={Secrets of Event-Based Optical Flow},
  author={Shintaro Shiba and Yoshimitsu Aoki and Guillermo Gallego},
  booktitle={European Conference on Computer Vision},
  year={2022}
}

@article{Chaney2023M3EDMM,
  title={{M3ED}: Multi-Robot, Multi-Sensor, Multi-Environment Event Dataset},
  author={Kenneth Chaney and Fernando Cladera Ojeda and Ziyun Wang and Anthony Bisulco and M. A. Hsieh and Christopher M. Korpela and Vijay R. Kumar and Camillo Jose Taylor and Kostas Daniilidis},
  journal={IEEE/CVF Conference on Computer Vision and Pattern Recognition Workshops (CVPRW)},
  year={2023},
  pages={4016-4023}
}

@inproceedings{Liu2018AdaptiveTB,
  title={Adaptive Time-Slice Block-Matching Optical Flow Algorithm for Dynamic Vision Sensors},
  author={M. Liu and T. Delbr{\"u}ck},
  booktitle={BMVC},
  year={2018}
}

@article{Jung2020ConstrainedFF,
  title={Constrained Filtering-based Fusion of Images, Events, and Inertial Measurements for Pose Estimation},
  author={Jae Hyung Jung and Chan Gook Park},
  journal={ICRA},
  year={2020},
  pages={644-650}
}

@article{Brebion2022RealTimeOF,
  title={Real-Time Optical Flow for Vehicular Perception With Low- and High-Resolution Event Cameras},
  author={Vincent Brebion and Julien Moreau and Franck Davoine},
  journal={IEEE Transactions on Intelligent Transportation Systems},
  year={2022},
  volume={23},
  number={9},
  pages={15066-15078}
}

@inproceedings{Brebion2022EstimationDF,
  title={Estimation de flot optique bas{\'e} {\'e}v{\`e}nements en temps r{\'e}el},
  author={Vincent Brebion and Julien Moreau and Franck Davoine},
  booktitle={Congr{\`e}s Reconnaissance des Formes, Image, Apprentissage et Perception (RFIAP 2022)},
  address={Vannes, France},
  year={2022},
  month=Jul
}

@article{Li2023BlinkFlowAD,
  title={BlinkFlow: A Dataset to Push the Limits of Event-based Optical Flow Estimation},
  author={Yijin Li and Zhaoyang Huang and Shuo Chen and Xiaoyu Shi and Hongsheng Li and Hujun Bao and Zhaopeng Cui and Guofeng Zhang},
  journal={ArXiv},
  year={2023}
}

@inproceedings{Sun2022ESSLE,
  title={ESS: Learning Event-based Semantic Segmentation from Still Images},
  author={Zhaoning Sun and Nico Messikommer and Daniel Gehrig and Davide Scaramuzza},
  booktitle={ECCV},
  year={2022}
}

@article{Gehrig2022PushingTL,
  title={Pushing the Limits of Asynchronous Graph-based Object Detection with Event Cameras},
  author={Daniel Gehrig and Davide Scaramuzza},
  journal={ArXiv},
  year={2022}
}

@article{Burner2022EVIMO2AE,
  title={EVIMO2: An Event Camera Dataset for Motion Segmentation, Optical Flow, Structure from Motion, and Visual Inertial Odometry in Indoor Scenes with Monocular or Stereo Algorithms},
  author={Levi Burner and Anton Mitrokhin and Cornelia Fermuller and Yiannis Aloimonos},
  journal={ArXiv},
  year={2022}
}

@article{Uhrig2017SparsityIC,
  title={Sparsity Invariant {CNNs}},
  author={Jonas Uhrig and N. Schneider and Lukas Schneider and Uwe Franke and Thomas Brox and Andreas Geiger},
  journal={2017 International Conference on 3D Vision (3DV)},
  year={2017},
  pages={11-20}
}

@inproceedings{Chodosh2018DeepCC,
  title={Deep Convolutional Compressed Sensing for {LiDAR} Depth Completion},
  author={Nathaniel Chodosh and Chaoyang Wang and Simon Lucey},
  booktitle={Asian Conference on Computer Vision},
  year={2018},
  pages={499-513}
}

@article{Huang2020HMSNetHM,
  title={{HMS-Net}: Hierarchical Multi-Scale Sparsity-Invariant Network for Sparse Depth Completion},
  author={Zixuan Huang and Junming Fan and Shenggan Cheng and Shuai Yi and Xiaogang Wang and Hongsheng Li},
  journal={IEEE Transactions on Image Processing},
  year={2020},
  volume={29},
  pages={3429-3441}
}

@article{Ku2018InDO,
  title={In Defense of Classical Image Processing: Fast Depth Completion on the {CPU}},
  author={Jason Ku and Ali Harakeh and Steven L. Waslander},
  journal={2018 15th Conference on Computer and Robot Vision (CRV)},
  year={2018},
  pages={16-22}
}

@article{Jaritz2018SparseAD,
  title={Sparse and Dense Data with {CNNs}: Depth Completion and Semantic Segmentation},
  author={Maximilian Jaritz and Raoul de Charette and {\'E}milie Wirbel and Xavier Perrotton and Fawzi Nashashibi},
  journal={2018 International Conference on 3D Vision (3DV)},
  year={2018},
  pages={52-60}
}

@article{VanGansbeke2019SparseAN,
  title={Sparse and Noisy {LiDAR} Completion with {RGB} Guidance and Uncertainty},
  author={Wouter Van Gansbeke and Davy Neven and Bert De Brabandere and Luc Van Gool},
  journal={2019 16th International Conference on Machine Vision Applications (MVA)},
  year={2019},
  pages={1-6}
}

@article{Xu2019DepthCF,
  title={Depth Completion From Sparse {LiDAR} Data With Depth-Normal Constraints},
  author={Yan Xu and Xinge Zhu and Jianping Shi and Guofeng Zhang and Hujun Bao and Hongsheng Li},
  journal={2019 IEEE/CVF International Conference on Computer Vision (ICCV)},
  year={2019},
  pages={2811-2820}
}

@article{Maddern2016RealtimePF,
  title={Real-time probabilistic fusion of sparse {3D} {LIDAR} and dense stereo},
  author={William P. Maddern and Paul Newman},
  journal={2016 IEEE/RSJ International Conference on Intelligent Robots and Systems (IROS)},
  year={2016},
  pages={2181-2188}
}

@article{Cui2022DenseDE,
  title={Dense Depth-Map Estimation Based on Fusion of Event Camera and Sparse {LiDAR}},
  author={Mingyue Cui and Yuzhang Zhu and Yechang Liu and Yun-Meng Liu and Gang Chen and Kai Huang},
  journal={IEEE Transactions on Instrumentation and Measurement},
  year={2022},
  volume={71},
  pages={1-11}
}

@inproceedings{Scheerlinck2018ContinuoustimeIE,
  title={Continuous-time Intensity Estimation Using Event Cameras},
  author={Cedric Scheerlinck and Nick Barnes and Robert E. Mahony},
  booktitle={Asian Conference on Computer Vision},
  year={2018},
  pages={308-324}
}

@article{Pan2019BringingAB,
  title={Bringing a Blurry Frame Alive at High Frame-Rate With an Event Camera},
  author={Liyuan Pan and Cedric Scheerlinck and Xin Yu and Richard I. Hartley and Miaomiao Liu and Yuchao Dai},
  journal={CVPR},
  year={2019},
  pages={6813-6822}
}

@article{Paikin2021EFINetVF,
  title={{EFI-Net}: Video Frame Interpolation from Fusion of Events and Frames},
  author={Genady Paikin and Yotam Ater and Roy Shaul and Evgeny Soloveichik},
  journal={IEEE/CVF Conference on Computer Vision and Pattern Recognition Workshops (CVPRW)},
  year={2021},
  pages={1291-1301}
}

@article{Kueng2016LowlatencyVO,
  title={Low-latency visual odometry using event-based feature tracks},
  author={Beat Kueng and Elias Mueggler and Guillermo Gallego and Davide Scaramuzza},
  journal={2016 IEEE/RSJ International Conference on Intelligent Robots and Systems (IROS)},
  year={2016},
  pages={16-23}
}

@article{Gehrig2019EKLTAP,
  title={{EKLT}: Asynchronous Photometric Feature Tracking Using Events and Frames},
  author={Daniel Gehrig and Henri Rebecq and Guillermo Gallego and Davide Scaramuzza},
  journal={International Journal of Computer Vision},
  year={2019},
  volume={128},
  pages={601-618}
}

@article{Jiang2019MixedFF,
  title={Mixed Frame-/Event-Driven Fast Pedestrian Detection},
  author={Zhuangyi Jiang and Pengfei Xia and Kai Huang and Walter Stechele and G. Chen and Zhenshan Bing and Alois Knoll},
  journal={2019 International Conference on Robotics and Automation (ICRA)},
  year={2019},
  pages={8332-8338}
}

@article{Tomy2022FusingEA,
  title={Fusing Event-based and {RGB} camera for Robust Object Detection in Adverse Conditions},
  author={Abhishek Tomy and Anshul Paigwar and Khushdeep Singh Mann and Alessandro Renzaglia and Christian Laugier},
  journal={2022 International Conference on Robotics and Automation (ICRA)},
  year={2022},
  pages={933-939}
}

@article{Cao2021FusionBasedFA,
  title={Fusion-Based Feature Attention Gate Component for Vehicle Detection Based on Event Camera},
  author={Hu Cao and Guang Chen and Jiahao Xia and Genghang Zhuang and Alois Knoll},
  journal={IEEE Sensors Journal},
  year={2021},
  volume={21},
  pages={24540-24548}
}

@article{Hu2020DDD20EE,
  title={{DDD20} End-to-End Event Camera Driving Dataset: Fusing Frames and Events with Deep Learning for Improved Steering Prediction},
  author={Yuhuang Hu and Jonathan Binas and Daniel Neil and Shih-Chii Liu and Tobi Delbr{\"u}ck},
  journal={2020 IEEE 23rd International Conference on Intelligent Transportation Systems (ITSC)},
  year={2020},
  pages={1-6}
}

@article{Song2018CalibrationOE,
  title={Calibration of Event-based Camera and {3D} {LiDAR}},
  author={Rihui Song and Zhihua Jiang and Yanghao Li and Yunxiao Shan and Kai Huang},
  journal={2018 WRC Symposium on Advanced Robotics and Automation (WRC SARA)},
  year={2018},
  pages={289-295}
}

@article{Ta2022L2ELT,
  title={{L2E}: Lasers to Events for {6-DoF} Extrinsic Calibration of Lidars and Event Cameras},
  author={Kevin Ta and David Bruggemann and Tim Brodermann and Christos Sakaridis and Luc Van Gool},
  journal={ArXiv},
  year={2022}
}

@article{Li2021Enhancing3L,
  title={Enhancing {3-D} {LiDAR} Point Clouds With Event-Based Camera},
  author={Boyang Li and Hao Meng and Yuzhang Zhu and Rihui Song and Mingyue Cui and Gang Chen and Kai Huang},
  journal={IEEE Transactions on Instrumentation and Measurement},
  year={2021},
  volume={70},
  pages={1-12}
}

@inproceedings{Kim2016RealTime3R,
  title={Real-Time {3D} Reconstruction and {6-DoF} Tracking with an Event Camera},
  author={Hanme Kim and Stefan Leutenegger and Andrew J. Davison},
  booktitle={European Conference on Computer Vision},
  year={2016}
}

@article{HidalgoCarrio2020LearningMD,
  title={Learning Monocular Dense Depth from Events},
  author={Javier Hidalgo-Carri{\'o} and Daniel Gehrig and Davide Scaramuzza},
  journal={2020 International Conference on 3D Vision (3DV)},
  year={2020},
  pages={534-542}
}

@article{Schraml2010DynamicSV,
  title={Dynamic stereo vision system for real-time tracking},
  author={Stephan Schraml and Ahmed Nabil Belbachir and Nenad Milosevic and Peter Sch{\"o}n},
  journal={Proceedings of 2010 IEEE International Symposium on Circuits and Systems},
  year={2010},
  pages={1409-1412}
}

@article{Schraml2016AnES,
  title={An Event-Driven Stereo System for Real-Time {3-D} 360° Panoramic Vision},
  author={Stephan Schraml and Ahmed Nabil Belbachir and Horst Bischof},
  journal={IEEE Transactions on Industrial Electronics},
  year={2016},
  volume={63},
  pages={418-428}
}

@article{Nam2022StereoDF,
  title={Stereo Depth from Events Cameras: Concentrate and Focus on the Future},
  author={Yeongwoo Nam and Sayed Mohammad Mostafavi Isfahani and Kuk-Jin Yoon and Jonghyun Choi},
  journal={CVPR},
  year={2022},
  pages={6104-6113}
}

@article{Gehrig2021CombiningEA,
  title={Combining Events and Frames Using Recurrent Asynchronous Multimodal Networks for Monocular Depth Prediction},
  author={Daniel Gehrig and Michelle R{\"u}egg and Mathias Gehrig and Javier Hidalgo-Carri{\'o} and Davide Scaramuzza},
  journal={IEEE Robotics and Automation Letters},
  year={2021},
  volume={6},
  pages={2822-2829}
}

@article{Weikersdorfer2014Eventbased3S,
  title={Event-based {3D} {SLAM} with a depth-augmented dynamic vision sensor},
  author={David Weikersdorfer and David B. Adrian and Daniel Cremers and J{\"o}rg Conradt},
  journal={2014 IEEE International Conference on Robotics and Automation (ICRA)},
  year={2014},
  pages={359-364}
}

@article{He2016DeepRL,
  title={Deep Residual Learning for Image Recognition},
  author={Kaiming He and X. Zhang and Shaoqing Ren and Jian Sun},
  journal={CVPR},
  year={2016},
  pages={770-778}
}

@article{Siam2017ConvolutionalGR,
  title={Convolutional gated recurrent networks for video segmentation},
  author={Mennatullah Siam and Sepehr Valipour and Martin J{\"a}gersand and Nilanjan Ray},
  journal={IEEE International Conference on Image Processing (ICIP)},
  year={2017},
  pages={3090-3094}
}

@article{He2015DelvingDI,
  title={Delving Deep into Rectifiers: Surpassing Human-Level Performance on ImageNet Classification},
  author={Kaiming He and X. Zhang and Shaoqing Ren and Jian Sun},
  journal={2015 IEEE International Conference on Computer Vision (ICCV)},
  year={2015},
  pages={1026-1034}
}

@inproceedings{Pan2018TwoAO,
  title={Two at Once: Enhancing Learning and Generalization Capacities via {IBN-Net}},
  author={Xingang Pan and Ping Luo and Jianping Shi and Xiaoou Tang},
  booktitle={European Conference on Computer Vision},
  year={2018}
}

@article{Weikersdorfer2012EventbasedPF,
  title={Event-based particle filtering for robot self-localization},
  author={David Weikersdorfer and J{\"o}rg Conradt},
  journal={2012 IEEE International Conference on Robotics and Biomimetics (ROBIO)},
  year={2012},
  pages={866-870}
}

@article{Gallego2016EventBased6C,
  title={Event-Based, 6-DOF Camera Tracking from Photometric Depth Maps},
  author={Guillermo Gallego and Jon E. A. Lund and Elias Mueggler and Henri Rebecq and Tobi Delbruck and Davide Scaramuzza},
  journal={IEEE Transactions on Pattern Analysis and Machine Intelligence},
  year={2016},
  volume={40},
  pages={2402-2412}
}

@article{Gruel2022NeuromorphicES,
  title={Neuromorphic Event-Based Spatio-temporal Attention using Adaptive Mechanisms},
  author={Am{\'e}lie Gruel and Antonio Vitale and Jean Martinet and Michele Magno},
  journal={2022 IEEE 4th International Conference on Artificial Intelligence Circuits and Systems (AICAS)},
  year={2022},
  pages={379-382}
}

@article{Lagorce2017HOTSAH,
  title={HOTS: A Hierarchy of Event-Based Time-Surfaces for Pattern Recognition},
  author={Xavier Lagorce and G. Orchard and Francesco Galluppi and Bertram E. Shi and Ryad B. Benosman},
  journal={IEEE Transactions on Pattern Analysis and Machine Intelligence},
  year={2017},
  volume={39},
  pages={1346-1359}
}

@article{Zubic2023FromCC,
  title={From Chaos Comes Order: Ordering Event Representations for Object Recognition and Detection},
  author={Nikola Zubi'c and Daniel Gehrig and Mathias Gehrig and Davide Scaramuzza},
  journal={ICCV},
  year={2023}
}

@article{Dauner2023FromCC,
  title={Image Reconstruction from Event Cameras for Autonomous Driving},
  author={Daniel Dauner},
  journal={International Conference on Learning Representations (ICLR)},
  year={2023}
}

@article{Ponghiran2023EventbasedTD,
  title={Event-based Temporally Dense Optical Flow Estimation with Sequential Learning},
  author={Wachirawit Ponghiran and Chamika M. Liyanagedera and Kaushik Roy},
  journal={ICCV},
  year={2023}
}

@article{Luo2023LearningOF,
  title={Learning Optical Flow from Event Camera with Rendered Dataset},
  author={Xinglong Luo and Kunming Luo and Ao Luo and Zhengning Wang and Ping Tan and Shuaicheng Liu},
  journal={ICCV},
  year={2023}
}

@article{Wan2023RPEFlowMF,
  title={RPEFlow: Multimodal Fusion of RGB-PointCloud-Event for Joint Optical Flow and Scene Flow Estimation},
  author={Zhexiong Wan and Yuxin Mao and Jing Zhang and Yuchao Dai},
  journal={ICCV},
  year={2023}
}

@article{Orchard2015ConvertingSI,
  title={Converting Static Image Datasets to Spiking Neuromorphic Datasets Using Saccades},
  author={G. Orchard and Ajinkya Jayawant and Gregory Cohen and Nitish V. Thakor},
  journal={Frontiers in Neuroscience},
  year={2015},
  volume={9}
}

@article{Tan2015BenchmarkingNV,
  title={Benchmarking neuromorphic vision: lessons learnt from computer vision},
  author={Cheston Tan and St{\'e}phane Lall{\'e}e and G. Orchard},
  journal={Frontiers in Neuroscience},
  year={2015},
  volume={9}
}

@inproceedings{Shariff2022EventbasedYO,
  title={Event-based YOLO object detection: proof of concept for forward perception system},
  author={Waseem Shariff and Muhammad Ali Farooq and Joe Lemley and Peter Corcoran},
  booktitle={International Conference on Machine Vision},
  year={2022}
}

@article{SerranoGotarredona2015PokerDVSAM,
  title={Poker-DVS and MNIST-DVS. Their History, How They Were Made, and Other Details},
  author={Teresa Serrano-Gotarredona and Bernab{\'e} Linares-Barranco},
  journal={Frontiers in Neuroscience},
  year={2015},
  volume={9}
}

@article{Amir2017ALP,
  title={A Low Power, Fully Event-Based Gesture Recognition System},
  author={Arnon Amir and Brian Taba and David J. Berg and Timothy Melano and Jeffrey L. McKinstry and Carmelo di Nolfo and Tapan Kumar Nayak and Alexander Andreopoulos and Guillaume J. Garreau and Marcela Mendoza and Jeffrey A. Kusnitz and Michael V. DeBole and Steven K. Esser and Tobi Delbr{\"u}ck and Myron Flickner and Dharmendra S. Modha},
  journal={CVPR},
  year={2017},
  pages={7388-7397}
}

@article{Hu2021v2eFV,
  title={v2e: From Video Frames to Realistic DVS Events},
  author={Yuhuang Hu and Shih-Chii Liu and Tobi Delbr{\"u}ck},
  journal={IEEE/CVF Conference on Computer Vision and Pattern Recognition Workshops (CVPRW)},
  year={2021},
  pages={1312-1321}
}

@article{Gehrig2019VideoTE,
  title={Video to Events: Recycling Video Datasets for Event Cameras},
  author={Daniel Gehrig and Mathias Gehrig and Javier Hidalgo-Carri'o and Davide Scaramuzza},
  journal={CVPR},
  year={2019},
  pages={3583-3592}
}

@article{Joubert2021EventCS,
  title={Event Camera Simulator Improvements via Characterized Parameters},
  author={Damien Joubert and Alexandre Marcireau and Nicholas O. Ralph and A. Jolley and Andr{\'e} van Schaik and Gregory Cohen},
  journal={Frontiers in Neuroscience},
  year={2021},
  volume={15}
}

@article{Mueggler2016TheED,
  title={The event-camera dataset and simulator: Event-based data for pose estimation, visual odometry, and SLAM},
  author={Elias Mueggler and Henri Rebecq and Guillermo Gallego and Tobi Delbr{\"u}ck and Davide Scaramuzza},
  journal={The International Journal of Robotics Research},
  year={2016},
  volume={36},
  pages={142-149}
}

@inproceedings{Li2018InteriorNetMM,
  title={InteriorNet: Mega-scale Multi-sensor Photo-realistic Indoor Scenes Dataset},
  author={Wenbin Li and Sajad Saeedi and John McCormac and Ronald Clark and Dimos Tzoumanikas and Qing Ye and Yuzhong Huang and R. Tang and Stefan Leutenegger},
  booktitle={BMVC},
  year={2018}
}

@inproceedings{Rebecq2018ESIMAO,
  title={ESIM: an Open Event Camera Simulator},
  author={Henri Rebecq and Daniel Gehrig and Davide Scaramuzza},
  booktitle={Conference on Robot Learning},
  year={2018}
}

@inproceedings{Dosovitskiy2017CARLAAO,
  title={CARLA: An Open Urban Driving Simulator},
  author={Alexey Dosovitskiy and Germ{\'a}n Ros and Felipe Codevilla and Antonio L{\'o}pez and Vladlen Koltun},
  booktitle={Proceedings of the 1st Annual Conference on Robot Learning},
  pages={1-16},
  year={2017}
}

@article{Yu2022LearningTS,
  title={Learning to See Through With Events},
  author={Lei Yu and Xiang Zhang and Wei Liao and Wentao Yang and Guisong Xia},
  journal={IEEE Transactions on Pattern Analysis and Machine Intelligence},
  year={2022},
  volume={45},
  pages={8660-8678}
}

@article{Ercan2023HyperE2VIDIE,
  title={HyperE2VID: Improving Event-Based Video Reconstruction via Hypernetworks},
  author={Burak Ercan and Onur Eker and Canberk Saglam and Aykut Erdem and Erkut Erdem},
  journal={ArXiv},
  year={2023},
  volume={abs/2305.06382}
}

@article{SerranoGotarredona2009CAVIARA4,
  title={CAVIAR: A 45k Neuron, 5M Synapse, 12G Connects/s AER Hardware Sensory-Processing-Learning-Actuating System for High-Speed Visual Object Recognition and Tracking},
  author={Rafael Serrano-Gotarredona and Matthias Oster and Patrick Lichtsteiner and Alejandro Linares-Barranco and Rafael Paz-Vicente and Francisco Gomez-Rodriguez and Luis A. Camu{\~n}as-Mesa and Raphael Berner and Manuel Rivas P{\'e}rez and Tobi Delbr{\"u}ck and Shih-Chii Liu and Rodney J. Douglas and Philipp Dominik H{\"a}fliger and Gabriel Jim{\'e}nez-Moreno and Antonio Abad Civit Balcells and Teresa Serrano-Gotarredona and Antonio Acosta-Jim{\'e}nez and Bernab{\'e} Linares-Barranco},
  journal={IEEE Transactions on Neural Networks},
  year={2009},
  volume={20},
  pages={1417-1438}
}

@article{Wiesmann2012EventdrivenES,
  title={Event-driven embodied system for feature extraction and object recognition in robotic applications},
  author={Georg Wiesmann and Stephan Schraml and Martin Litzenberger and Ahmed Nabil Belbachir and Michael Hofst{\"a}tter and Chiara Bartolozzi},
  journal={IEEE Computer Society Conference on Computer Vision and Pattern Recognition Workshops},
  year={2012},
  pages={76-82}
}

@article{Sironi2018HATSHO,
  title={HATS: Histograms of Averaged Time Surfaces for Robust Event-Based Object Classification},
  author={Amos Sironi and Manuele Brambilla and Nicolas Bourdis and Xavier Lagorce and Ryad B. Benosman},
  journal={IEEE/CVF Conference on Computer Vision and Pattern Recognition},
  year={2018},
  pages={1731-1740}
}

@article{Gehrig2022RecurrentVT,
  title={Recurrent Vision Transformers for Object Detection with Event Cameras},
  author={Mathias Gehrig and Davide Scaramuzza},
  journal={CVPR},
  year={2022},
  pages={13884-13893}
}

@article{Ummenhofer2017DeMoNDA,
  title={{DeMoN}: Depth and Motion Network for Learning Monocular Stereo},
  author={Benjamin Ummenhofer and Huizhong Zhou and Jonas Uhrig and Nikolaus Mayer and Eddy Ilg and Alexey Dosovitskiy and Thomas Brox},
  journal={CVPR},
  year={2017},
  pages={5622-5631}
}

@article{Kingma2015AdamAM,
  title={Adam: A Method for Stochastic Optimization},
  author={Diederik P. Kingma and Jimmy Ba},
  journal={International Conference on Learning Representations (ICLR)},
  year={2015}
}

@article{Sabater2022EventTA+,
  title={Event Transformer+. {A} multi-purpose solution for efficient event data processing},
  author={Alberto Sabater and Luis Montesano and Ana Cristina Murillo},
  journal={ArXiv},
  year={2022},
  volume={abs/2211.12222}
}

@article{Ranon2021StereoSpikeDL,
  title={StereoSpike: Depth Learning With a Spiking Neural Network},
  author={Ulysse Rançon and Javier Cuadrado-Anibarro and Benoit R. Cottereau and Timoth{\'e}e Masquelier},
  journal={IEEE Access},
  year={2021},
  volume={10},
  pages={127428-127439}
}

@inproceedings{Messikommer2020EventbasedAS,
  title={Event-based Asynchronous Sparse Convolutional Networks},
  author={Nico Messikommer and Daniel Gehrig and Antonio Loquercio and Davide Scaramuzza},
  booktitle={European Conference on Computer Vision},
  year={2020}
}

@article{Baldwin2021TimeOrderedRE,
  title={Time-Ordered Recent Event (TORE) Volumes for Event Cameras},
  author={R. W. Baldwin and Ruixu Liu and Mohammed Almatrafi and Vijayan K. Asari and Keigo Hirakawa},
  journal={IEEE Transactions on Pattern Analysis and Machine Intelligence},
  year={2021},
  volume={45},
  pages={2519-2532}
}

@inproceedings{Brebion2023LearningTE,
  title={Learning to Estimate Two Dense Depths from {LiDAR} and Event Data},
  author={Vincent Brebion and Julien Moreau and Franck Davoine},
  booktitle={Image Analysis - 22nd Scandinavian Conference, {SCIA} 2023, Sirkka, Finland, April 18-21, 2023, Proceedings, Part {II}},
  series={Lecture Notes in Computer Science},
  volume={13886},
  publisher={Springer},
  pages={517-533},
  year={2023}
}

@inproceedings{Vaswani2017AttentionIA,
  title={Attention is All you Need},
  author={Ashish Vaswani and Noam M. Shazeer and Niki Parmar and Jakob Uszkoreit and Llion Jones and Aidan N. Gomez and Lukasz Kaiser and Illia Polosukhin},
  booktitle={Neural Information Processing Systems},
  year={2017}
}

@inproceedings{Dosovitskiy2020AnII,
  title={An Image is Worth 16x16 Words: Transformers for Image Recognition at Scale},
  author={Alexey Dosovitskiy and Lucas Beyer and Alexander Kolesnikov and Dirk Weissenborn and Xiaohua Zhai and Thomas Unterthiner and Mostafa Dehghani and Matthias Minderer and Georg Heigold and Sylvain Gelly and Jakob Uszkoreit and Neil Houlsby},
  booktitle={International Conference on Learning Representations (ICLR)},
  year={2021}
}

@article{Li2022EventT,
  title={Event Transformer},
  author={Zhihao Li and M. Salman Asif and Zhan Ma},
  journal={ArXiv},
  year={2022},
  volume={abs/2204.05172}
}

@inproceedings{Kamal2023AssociativeMA,
  title={Associative Memory Augmented Asynchronous Spatiotemporal Representation Learning for Event-based Perception},
  author={Uday Kamal and Saurabh Dash and S. Mukhopadhyay},
  booktitle={International Conference on Learning Representations (ICLR)},
  year={2023}
}

@article{Wang2022ExploitingSS,
  title={Exploiting Spatial Sparsity for Event Cameras with Visual Transformers},
  author={Zuowen Wang and Yuhuang Hu and Shih-Chii Liu},
  journal={IEEE International Conference on Image Processing (ICIP)},
  year={2022},
  pages={411-415}
}

@article{Sabater2022EventTA,
  title={Event Transformer. {A} sparse-aware solution for efficient event data processing},
  author={Alberto Sabater and Luis Montesano and Ana Cristina Murillo},
  journal={IEEE/CVF Conference on Computer Vision and Pattern Recognition Workshops (CVPRW)},
  year={2022},
  pages={2676-2685}
}

@inproceedings{Tian2022EventTF,
  title={Event Transformer FlowNet for optical flow estimation},
  author={Yi Tian and J. Andrade-Cetto},
  booktitle={BMVC},
  year={2022}
}

@article{Weng2021EventbasedVR,
  title={Event-based Video Reconstruction Using Transformer},
  author={Wenming Weng and Yueyi Zhang and Zhiwei Xiong},
  journal={ICCV},
  year={2021},
  pages={2543-2552}
}

@article{Jiao2023LCECalibAL,
  title={{LCE-Calib}: Automatic {LiDAR}-Frame/Event Camera Extrinsic Calibration With A Globally Optimal Solution},
  author={Jianhao Jiao and Feiyi Chen and He Wei and Jin Wu and Mingming Liu},
  journal={ArXiv},
  year={2023},
  volume={abs/2303.09825}
}

@article{Saucedo2023EventCA,
  title={Event Camera and LiDAR based Human Tracking for Adverse Lighting Conditions in Subterranean Environments},
  author={Mario A. V. Saucedo and Akash Patel and Rucha Sawlekar and Akshit Saradagi and Christoforos Kanellakis and Ali-akbar Agha-mohammadi and George Nikolakopoulos},
  journal={ArXiv},
  year={2023},
  volume={abs/2304.08908}
}

@article{Nunes2023TimetocontactMB,
  title={Time-to-Contact Map by Joint Estimation of Up-to-Scale Inverse Depth and Global Motion using a Single Event Camera},
  author={Urbano Miguel Nunes and Laurent Udo Perrinet and Sio-Hoi Ieng},
  journal={ICCV},
  year={2023}
}

@article{Chiavazza2023LowlatencyMD,
  title={Low-latency monocular depth estimation using event timing on neuromorphic hardware},
  author={Stefano Chiavazza and Svea Marie Meyer and Yulia Sandamirskaya},
  journal={IEEE/CVF Conference on Computer Vision and Pattern Recognition Workshops (CVPRW)},
  year={2023},
  pages={4071-4080}
}

@article{Ghosh2022MultiEventCameraDE,
  title={Multi-Event-Camera Depth Estimation and Outlier Rejection by Refocused Events Fusion},
  author={Suman Ghosh and Guillermo Gallego},
  journal={Advanced Intelligent Systems},
  year={2022},
  volume={4}
}

@article{Cho2023LearningAD,
  title={Learning Adaptive Dense Event Stereo from the Image Domain},
  author={Hoonhee Cho and Jegyeong Cho and Kuk-Jin Yoon},
  journal={CVPR},
  year={2023},
  pages={17797-17807}
}

@inproceedings{Carion2020EndtoEndOD,
  title={End-to-End Object Detection with Transformers},
  author={Nicolas Carion and Francisco Massa and Gabriel Synnaeve and Nicolas Usunier and Alexander Kirillov and Sergey Zagoruyko},
  booktitle={ECCV},
  year={2020}
}

@inproceedings{Katharopoulos2020TransformersAR,
  title={Transformers are RNNs: Fast Autoregressive Transformers with Linear Attention},
  author={Angelos Katharopoulos and Apoorv Vyas and Nikolaos Pappas and Franccois Fleuret},
  booktitle={International Conference on Machine Learning},
  year={2020}
}

@inproceedings{Ronneberger2015UNetCN,
  title={{U-Net}: Convolutional Networks for Biomedical Image Segmentation},
  author={Olaf Ronneberger and Philipp Fischer and Thomas Brox},
  booktitle={Medical Image Computing and Computer-Assisted Intervention -- MICCAI 2015},
  publisher={Springer International Publishing},
  pages={234-241},
  year={2015}
}

@article{Nadaraya1964OnER,
  title={On Estimating Regression},
  author={Elizbar Nadaraya},
  journal={Theory of Probability and Its Applications},
  year={1964},
  volume={9},
  pages={141-142}
}

@inproceedings{Watson1964SmoothRA,
  title={Smooth regression analysis},
  author={Geoffrey Stuart Watson},
  booktitle={Sankhyā: The Indian Journal of Statistics},
  year={1964},
  volume={26},
  number={4},
  pages={359-372}
}

@article{Bahdanau2014NeuralMT,
  title={Neural Machine Translation by Jointly Learning to Align and Translate},
  author={Dzmitry Bahdanau and Kyunghyun Cho and Yoshua Bengio},
  journal={International Conference on Learning Representations (ICLR)},
  year={2014}
}

@inproceedings{Clevert2016FastAA,
  title={Fast and Accurate Deep Network Learning by Exponential Linear Units (ELUs)},
  author={Djork{-}Arn{\'{e}} Clevert and Thomas Unterthiner and Sepp Hochreiter},
  booktitle={International Conference on Learning Representations (ICLR)},
  year={2016}
}

@article{Narang2021DoTM,
  title={Do Transformer Modifications Transfer Across Implementations and Applications?},
  author={Sharan Narang and Hyung Won Chung and Yi Tay and William Fedus and Thibault F{\'{e}}vry and Michael Matena and Karishma Malkan and Noah Fiedel and Noam Shazeer and Zhenzhong Lan and Yanqi Zhou and Wei Li and Nan Ding and Jake Marcus and Adam Roberts and Colin Raffel},
  journal={ArXiv},
  year={2021},
  volume={abs/2102.11972}
}

@article{Tay2022ScalingLV,
  title={Scaling Laws vs Model Architectures: How does Inductive Bias Influence Scaling?},
  author={Yi Tay and Mostafa Dehghani and Samira Abnar and Hyung Won Chung and William Fedus and Jinfeng Rao and Sharan Narang and Vinh Q. Tran and Dani Yogatama and Donald Metzler},
  journal={ArXiv},
  year={2022},
  volume={abs/2207.10551}
}

@article{Alkendi2021NeuromorphicCD,
  title={Neuromorphic Camera Denoising using Graph Neural Network-driven Transformers},
  author={Yusra Alkendi and Rana Azzam and Abdulla Ayyad and Sajid Javed and Lakmal D. Seneviratne and Yahya H. Zweiri},
  journal={IEEE transactions on neural networks and learning systems},
  year={2021},
  volume={PP}
}

@article{Schaefer2022AEGNNAE,
  title={AEGNN: Asynchronous Event-based Graph Neural Networks},
  author={Simon Thomas Schaefer and Daniel Gehrig and Davide Scaramuzza},
  journal={CVPR},
  year={2022},
  pages={12361-12371}
}

@article{Xu2022UnifyingFS,
  title={Unifying Flow, Stereo and Depth Estimation},
  author={Haofei Xu and Jing Zhang and Jianfei Cai and Hamid Rezatofighi and Fisher Yu and Dacheng Tao and Andreas Geiger},
  journal={IEEE Transactions on Pattern Analysis and Machine Intelligence},
  year={2022},
  volume={45},
  pages={13941-13958}
}

@article{Prakash2021MultiModalFT,
  title={Multi-Modal Fusion Transformer for End-to-End Autonomous Driving},
  author={Aditya Prakash and Kashyap Chitta and Andreas Geiger},
  journal={CVPR},
  year={2021},
  pages={7073-7083}
}

@article{Zheng2023DeepLF,
  title={Deep Learning for Event-based Vision: A Comprehensive Survey and Benchmarks},
  author={Xueye Zheng and Ye-Peng Liu and Yunfan Lu and Tongyan Hua and Tianbo Pan and Weiming Zhang and Dacheng Tao and Lin Wang},
  journal={ArXiv},
  year={2023},
  volume={abs/2302.08890}
}

@phdthesis{Gerena20206DoFOM,
  title={6-DoF Optical-driven Micro-robots with Force Feedback Capabilities for Interactive Bio-manipulation},
  author={Edison Gerena},
  school={Sorbonne Université},
  year={2020}
}

@article{Chin2019StarTU,
  title={Star Tracking Using an Event Camera},
  author={Tat-Jun Chin and Samya Bagchi and Anders P. Eriksson and Andr{\'e} van Schaik},
  journal={IEEE/CVF Conference on Computer Vision and Pattern Recognition Workshops (CVPRW)},
  year={2019},
  pages={1646-1655}
}

@online{WSU2021WorldFT,
  author={Western Sydney University},
  title={World first technology led by Western now in orbit},
  year={2021},
  url={https://www.westernsydney.edu.au/newscentre/news_centre/story_archive/2021/world_first_technology_led_by_western_now_in_orbit},
  urldate={2023-11-14}
}

@article{Li2023IntelligentMF,
  title={Intelligent Machinery Fault Diagnosis With Event-Based Camera},
  author={Xiang Li and Shupeng Yu and Yaguo Lei and Naipeng Li and Bin Yang},
  journal={IEEE Transactions on Industrial Informatics},
  year={2023}
}

@article{Bialik2023FastOC,
  title={Fast Object Counting with an Event Camera},
  author={Kamil Bialik and Marcin Kowalczyk and Krzysztof Błachut and Tomasz Kryjak},
  journal={Pomiary Automatyka Robotyka},
  year={2023}
}

@article{Willert2022EventbasedIV,
  title={Event-based imaging velocimetry: an assessment of event-based cameras for the measurement of fluid flows},
  author={Christian E. Willert and Joachim Klinner},
  journal={Experiments in Fluids},
  year={2022},
  volume={63}
}

@article{Chen2020EventBasedNV,
  title={Event-Based Neuromorphic Vision for Autonomous Driving: A Paradigm Shift for Bio-Inspired Visual Sensing and Perception},
  author={Guang Chen and Hu Cao and J{\"o}rg Conradt and Huajin Tang and Florian Rohrbein and Alois Knoll},
  journal={IEEE Signal Processing Magazine},
  year={2020},
  volume={37},
  pages={34-49}
}

@phdthesis{Carneiro2014AsynchronousE3,
  title={Asynchronous Event-Based 3D vision},
  author={Amaro Da Costa Luz Carneiro},
  school={Université Pierre et Marie Curie},
  year={2014}
}

@article{Ieng2017EventBased3M,
  title={Event-Based 3D Motion Flow Estimation Using 4D Spatio Temporal Subspaces Properties},
  author={Sio-Hoi Ieng and Jo{\~a}o Carneiro and Ryad B. Benosman},
  journal={Frontiers in Neuroscience},
  year={2017},
  volume={10}
}

@article{Dettmers2023QLoRAEF,
  title={QLoRA: Efficient Finetuning of Quantized LLMs},
  author={Tim Dettmers and Artidoro Pagnoni and Ari Holtzman and Luke Zettlemoyer},
  journal={ArXiv},
  year={2023},
  volume={abs/2305.14314}
}

@article{Trusov2020FastIO,
  title={Fast Implementation of 4-bit Convolutional Neural Networks for Mobile Devices},
  author={Anton Trusov and Elena E. Limonova and Dmitry Slugin and Dmitry P. Nikolaev and Vladimir V. Arlazarov},
  journal={25th International Conference on Pattern Recognition (ICPR)},
  year={2020},
  pages={9897-9903}
}

@article{Kirillov2023SegmentA,
  title={Segment Anything},
  author={Alexander Kirillov and Eric Mintun and Nikhila Ravi and Hanzi Mao and Chloe Rolland and Laura Gustafson and Tete Xiao and Spencer Whitehead and Alexander C. Berg and Wan-Yen Lo and Piotr Doll{\'a}r and Ross B. Girshick},
  journal={ArXiv},
  year={2023},
  volume={abs/2304.02643}
}

@article{Chitta2022TransFuserIW,
  title={TransFuser: Imitation With Transformer-Based Sensor Fusion for Autonomous Driving},
  author={Kashyap Chitta and Aditya Prakash and Bernhard Jaeger and Zehao Yu and Katrin Renz and Andreas Geiger},
  journal={IEEE Transactions on Pattern Analysis and Machine Intelligence},
  year={2022},
  volume={45},
  pages={12878-12895}
}

@online{Prophesee2023IntroducingTW,
  author={Prophesee},
  title={Introducing the world's smallest and most power-efficient Event-based Vision sensor ever released},
  year={2023},
  url={https://www.prophesee.ai/event-based-sensor-genx320/},
  urldate={2023-11-16}
}
